@inproceedings{venkat_prune_2,
author = {Dasari, Venkateswara and Geerhart, Billy and Wang, Peng and Alexander, David},
year = {2021},
month = {April},
pages = {11},
title = {Deep neural network model optimizations for resource-constrained tactical edge computing platforms},
doi = {10.1117/12.2585784},
}

@inproceedings{gicp,
author = {Aleksandr V. Segal and Dirk Haehnel and Sebastian Thrun},
year = {2009},
month = {June},
title = {Generalized-ICP},
doi = {10.15607/RSS.2009.V.021}
}


@conference{Zhang-2014-7903,
author = {Ji Zhang and Sanjiv Singh},
title = {LOAM: Lidar Odometry and Mapping in Real-time},
booktitle = {Proceedings of Robotics: Science and Systems (RSS '14)},
year = {2014},
month = {July},
}
@conference{mrcnn,
author = {K. He, G. Gkioxari, P. Doll´ar, and R. Girshick},
title ={Mask r-cnn}, \
booktitle = {ICCV},
year = {2017}, 
}

@conference{ssd,
author = {W. Liu, D. Anguelov, D. Erhan, C. Szegedy, S. Reed, C.-Y. Fu, and
A. C. Berg},
title ={Ssd: Single shot multibox detector}, \
booktitle = {ECCV},
year = {2016}, 
}
@misc{wu2017squeezeseg,
      title={SqueezeSeg: Convolutional Neural Nets with Recurrent CRF for Real-Time Road-Object Segmentation from 3D LiDAR Point Cloud}, 
      author={Bichen Wu and Alvin Wan and Xiangyu Yue and Kurt Keutzer},
      year={2017},
      eprint={1710.07368},
      archivePrefix={arXiv},
      primaryClass={cs.CV}
}
@article{wang2019ldls,
  title={LDLS: 3-D object segmentation through label diffusion from 2-D images},
  author={Wang, Brian H and Chao, Wei-Lun and Wang, Yan and Hariharan, Bharath and Weinberger, Kilian Q and Campbell, Mark},
  journal={IEEE Robotics and Automation Letters},
  volume={4},
  number={3},
  pages={2902--2909},
  year={2019},
  publisher={IEEE}
}
@conference{horn87,
author = {B.K.P. Horn},
title = {Fitting Parameterized Three-Dimensional Models to Images},
booktitle = {J. Optical Soc. Am.},
  volume={5},
  number={7},
  pages={1127--1135},
year = {1987},
}
@article{quan99,
title = {Linear N-Point Camera Pose Determination},
author ={Long Quan and Zhongdan Lan},
 journal={IEEE Trans. Pattern Analysis and Machine Intelligence},
  volume={21},
  number={8},
  pages={774--781},
  year={1999},
 }

@article{icp,
title = {A Method for Registration of 3-D Shapes},
author ={P. Besl and N. McKay.},
 journal={IEEE Trans. Pattern Analysis and Machine Intelligence},
  volume={14},
  number={2},
  pages={239--256},
  year={1992},
 }

, ªClosed Form Solution of Absolute Orientation Using Unit
Quaternions,º J. Optical Soc. Am., vol. 5, no. 7, pp. 1,127±1,135, 1987.
@article{low91,
  title={Fitting Parameterized Three-Dimensional Models to Images},
  author={D. Lowe},
  journal={IEEE Trans. Pattern Analysis and Machine Intelligence},
  volume={13},
  number={5},
  pages={441--450},
  year={1991},
  publisher={IEEE}
}
@article{lu98,
  title={Fast and Globally Convergent Pose
Estimation from Video Images},
  author={Chien-Ping Lu and Gregory D. Hager and Eric Mjolsness},
  journal={IEEE Trans. Pattern Analysis and Machine Intelligence},
  volume={22},
  number={8},
  pages={610--622},
  year={2000},
  publisher={IEEE}
}